<record><leader>00000cas a22000007a 4500</leader><controlfield tag="001">12869432</controlfield><controlfield tag="008">851204d19851986ncudr ne      0   a0eng d</controlfield><datafield ind1=" " ind2=" " tag="010"><subfield code="a">sn 85005360 </subfield></datafield><datafield ind1=" " ind2=" " tag="040"><subfield code="a">NSD</subfield><subfield code="b">eng</subfield><subfield code="c">NSD</subfield><subfield code="d">NVJ</subfield><subfield code="d">OCLCQ</subfield></datafield><datafield ind1=" " ind2=" " tag="012"><subfield code="m">x</subfield></datafield><datafield ind1="1" ind2=" " tag="022"><subfield code="a">0886-3261</subfield><subfield code="l">0886-3261</subfield><subfield code="2">1</subfield></datafield><datafield ind1=" " ind2=" " tag="032"><subfield code="a">480960</subfield><subfield code="b">USPS</subfield></datafield><datafield ind1=" " ind2=" " tag="042"><subfield code="a">nsdp</subfield><subfield code="a">msc</subfield></datafield><datafield ind1="0" ind2=" " tag="130"><subfield code="a">Citizen news-record (Robbins edition)</subfield></datafield><datafield ind1=" " ind2="4" tag="222"><subfield code="a">The Citizen news-record</subfield><subfield code="b">(Robbins ed.)</subfield></datafield><datafield ind1="1" ind2="4" tag="245"><subfield code="a">The Citizen news-record.</subfield></datafield><datafield ind1=" " ind2=" " tag="250"><subfield code="a">Robbins ed.</subfield></datafield><datafield ind1=" " ind2=" " tag="260"><subfield code="a">Robbins, N.C. :</subfield><subfield code="b">Roy H. Park,</subfield><subfield code="c">1985-</subfield></datafield><datafield ind1=" " ind2=" " tag="310"><subfield code="a">Daily,</subfield><subfield code="b">Sept. 1, 1986-Oct. 31, 1986</subfield></datafield><datafield ind1=" " ind2=" " tag="321"><subfield code="a">Three times a week,</subfield><subfield code="b">Nov. 4, 1985-Aug. 29, 1986</subfield></datafield><datafield ind1="0" ind2=" " tag="362"><subfield code="a">Vol. 84, no. 20 (Nov. 4, 1985)-v. 85, no. 45 (Oct. 31, 1986).</subfield></datafield><datafield ind1=" " ind2=" " tag="580"><subfield code="a">Formed by the union of: Sandhill citizen and news outlook, and: Moore County news, and: Robbins record.</subfield></datafield><datafield ind1=" " ind2=" " tag="752"><subfield code="a">United States</subfield><subfield code="b">North Carolina</subfield><subfield code="c">Moore</subfield><subfield code="d">Robbins.</subfield></datafield><datafield ind1="0" ind2=" " tag="775"><subfield code="t">Citizen news-record (County edition)</subfield></datafield><datafield ind1="1" ind2="4" tag="780"><subfield code="t">Sandhill citizen and news outlook</subfield><subfield code="x">0746-6137</subfield><subfield code="w">(DLC)sn 83003608</subfield></datafield><datafield ind1="1" ind2="4" tag="780"><subfield code="t">Moore County news</subfield><subfield code="w">(DLC)sn 92074101</subfield></datafield><datafield ind1="1" ind2="4" tag="780"><subfield code="t">Robbins record</subfield><subfield code="w">(DLC)sn 95072341</subfield></datafield><datafield ind1="0" ind2="0" tag="785"><subfield code="t">Moore County citizen news-record</subfield><subfield code="w">(DLC)sn 95072342</subfield></datafield><datafield ind1=" " ind2=" " tag="936"><subfield code="a">Nov. 4, 1985</subfield></datafield></record>